
@article{rohart2017mixomics,
  title={mixOmics: An R package for 'omics feature selection and multiple data integration},
  author={Rohart, Florian and Gautier, Beno{\i}t and Singh, Amaury and L{\'e} Cao, Kim-Anh},
  journal={PLoS Computational Biology},
  volume={13},
  number={11},
  pages={e1005752},
  year={2017},
  publisher={Public Library of Science}
}

@article{argelaguet2020mofa2,
  title={MOFA+: a statistical framework for comprehensive integration of multi-modal single-cell data},
  author={Argelaguet, Ricard and Arnol, David and Bredikhin, Dmitry and Deloro, Yann and Velten, Lars and Marioni, John C and Yau, Christopher and Stegle, Oliver},
  journal={Genome Biology},
  volume={21},
  number={1},
  pages={111},
  year={2020},
  publisher={BioMed Central}
}

@article{witten2009penalized,
  title={A penalized matrix decomposition, with applications to sparse principal components and canonical correlation analysis},
  author={Witten, Daniela M and Tibshirani, Robert and Hastie, Trevor},
  journal={Biostatistics},
  volume={10},
  number={3},
  pages={515--534},
  year={2009},
  publisher={Oxford University Press}
}

@article{wang2014iclatplus,
  title={iClusterPlus: An R package for integrative clustering of multiple genomic data types},
  author={Wang, Bo and Mezlini, Asif M and Demir, Fahed and Fiume, Marc and Tu, Zhen and Brudno, Michael and Haibe-Kains, Benjamin and Goldenberg, Anna},
  journal={Bioinformatics},
  volume={30},
  number={15},
  pages={i280--i288},
  year={2014},
  publisher={Oxford University Press}
}

@article{huang2017systematic,
  title={A systematic evaluation of methods for integrating multi-omics data reveals missing features in current approaches},
  author={Huang, Shijie and Chaudhary, Kuldeep and Garmire, Lana X},
  journal={Briefings in Bioinformatics},
  volume={18},
  number={3},
  pages={325--340},
  year={2017},
  publisher={Oxford University Press}
}

@article{teschendorff2018statistical,
  title={Statistical and integrative system-level analysis of DNA methylation data},
  author={Teschendorff, Andrew E and Relton, Caroline L},
  journal={Nature Reviews Genetics},
  volume={19},
  number={3},
  pages={129--147},
  year={2018},
  publisher={Nature Publishing Group}
}

@article{zhang2020synthetic,
  title={Synthetic data in genomics and biomedical research: a review},
  author={Zhang, Xin and Perez-Riverol, Yasset and Ren, Zhi and et al.},
  journal={Briefings in Bioinformatics},
  volume={21},
  number={6},
  pages={1643--1654},
  year={2020},
  publisher={Oxford University Press}
}
