@article{rohart2017mixomics,
  title={mixOmics: An R package for 'omics feature selection and multiple data integration},
  author={Rohart, Florian and Gautier, Benoit and Singh, Amrit and LÃª Cao, Kim-Anh},
  journal={PLoS Computational Biology},
  volume={13},
  number={11},
  pages={e1005752},
  year={2017},
  doi={10.1371/journal.pcbi.1005752}
}

@article{argelaguet2020mofa2,
  title={MOFA+: A statistical framework for comprehensive integration of multi-modal single-cell data},
  author={Argelaguet, Ricard and Arnol, Denis and Bredikhin, Dmitry and Deloro, Yann and Velten, Lars and Marioni, John C and Buettner, Florian and Huber, Wolfgang and Stegle, Oliver},
  journal={Genome Biology},
  volume={21},
  pages={111},
  year={2020},
  doi={10.1186/s13059-020-02015-1}
}

@article{wang2014iclatplus,
  title={iClusterPlus: Integrative clustering of multiple genomic data types with feature selection},
  author={Wang, Bo and Mezlini, Asif M and Demir, Fahad and Fiume, Marc and Tu, Zhaleh and Brudno, Michael and Haibe-Kains, Benjamin and Goldenberg, Anna},
  journal={Statistical Applications in Genetics and Molecular Biology},
  volume={13},
  number={6},
  pages={511--526},
  year={2014},
  doi={10.1515/sagmb-2013-0059}
}

@article{zhang2020synthetic,
  title={Synthetic data generation and its application in machine learning for healthcare},
  author={Zhang, Honghan and Wang, Yi and Wang, Qi and Zheng, Wenjie and Huang, Zhaonan and Huang, Zhen},
  journal={npj Digital Medicine},
  volume={3},
  pages={106},
  year={2020},
  doi={10.1038/s41746-020-00343-7}
}

@article{huang2017systematic,
  title={Systematic evaluation of molecular networks for discovery of disease genes},
  author={Huang, Jing and Zhou, Guoliang and Meng, Shujie and Chen, Yan and Dong, Tingting and Cheng, Zhi and Wang, Yu},
  journal={Cell Systems},
  volume={5},
  number={5},
  pages={460--470},
  year={2017},
  doi={10.1016/j.cels.2017.09.006}
}

@article{witten2009penalized,
  title={A penalized matrix decomposition, with applications to sparse principal components and canonical correlation analysis},
  author={Witten, Daniela M and Tibshirani, Robert and Hastie, Trevor},
  journal={Biostatistics},
  volume={10},
  number={3},
  pages={515--534},
  year={2009},
  doi={10.1093/biostatistics/kxp008}
}

@article{teschendorff2018statistical,
  title={Statistical and integrative system-level analysis of DNA methylation data},
  author={Teschendorff, Andrew E and Relton, Caroline L},
  journal={Nature Reviews Genetics},
  volume={19},
  number={3},
  pages={129--147},
  year={2018},
  doi={10.1038/nrg.2017.86}
}